022026026026026026026026026026026026023999999022026026026026026026026026023999999022026026026026026026026026026023
025000000000000000000000000000000000025999999025000000000000000000000000025999999025000000000000000000000000000025
025000000000000000000000000000000000021026026024000000000000000000000000025999999025000000000000000000000000000025
025000000000000000000000000000000000000000000000000000000000000000000000021026026024000000000000000000000000000025
025000000000000000000000000000000000000000000000000000000000000000000000000000000000000000000000000000000019032017
025000000000000000000000000000000000000000000000000000000000000000000000000000000000000000000000000000000025999999
017000000000000000000000000000000000000000000000000000000000000000019999999999019000000000000000000000000025999999
999999999999999999999999999999019000000000000000000000000000000000025999999999017000000000000000000000000017999999
999999999999999999999999999999025000000000000000000000000000000000025999999999999999999999999999999999999999999999
999999999999999999999999999999017000000000000000000000000000000000017999999999999999999999999999999999999999999999
999999999999999999999999999999999999999999999999999999999999999999999999999999999999999999999999999999999999999999